@article{garland2015gamification,
  title={Gamification and implications for second language education: a meta analysis},
  author={Garland, Christopher M},
  year={2015}
}

@article{ryan2000intrinsic,
  title={Intrinsic and extrinsic motivations: Classic definitions and new directions},
  author={Ryan, Richard M and Deci, Edward L},
  journal={Contemporary educational psychology},
  volume={25},
  number={1},
  pages={54--67},
  year={2000},
  publisher={Elsevier}
}